<record><leader>00000cas a22000007a 4500</leader><controlfield tag="001">19279067</controlfield><controlfield tag="008">890228d18521863pauwr ne      0    0eng d</controlfield><datafield ind1=" " ind2=" " tag="010"><subfield code="a">sn 89077527 </subfield></datafield><datafield ind1=" " ind2=" " tag="040"><subfield code="a">NPH</subfield><subfield code="b">eng</subfield><subfield code="c">NPH</subfield><subfield code="d">NYS</subfield><subfield code="d">OCLCQ</subfield></datafield><datafield ind1=" " ind2=" " tag="042"><subfield code="a">msc</subfield></datafield><datafield ind1="0" ind2=" " tag="130"><subfield code="a">Waynesboro' village record (Waynesboro, Pa. : 1852)</subfield></datafield><datafield ind1="1" ind2="0" tag="245"><subfield code="a">Waynesboro' village record.</subfield></datafield><datafield ind1="1" ind2="3" tag="246"><subfield code="a">Village record</subfield></datafield><datafield ind1="1" ind2="3" tag="246"><subfield code="a">V. record</subfield></datafield><datafield ind1=" " ind2=" " tag="260"><subfield code="a">Waynesboro', Pa. :</subfield><subfield code="b">W. Blair,</subfield><subfield code="c">-1863.</subfield></datafield><datafield ind1=" " ind2=" " tag="300"><subfield code="a">v. :</subfield><subfield code="b">ill. (chiefly advertisements) ;</subfield><subfield code="c">56 cm.</subfield></datafield><datafield ind1=" " ind2=" " tag="310"><subfield code="a">Weekly</subfield></datafield><datafield ind1="1" ind2=" " tag="362"><subfield code="a">Began in 1852.</subfield></datafield><datafield ind1="0" ind2=" " tag="362"><subfield code="a">-v. 17, no. 3 (Apr. 24, 1863).</subfield></datafield><datafield ind1=" " ind2=" " tag="500"><subfield code="a">"Waynesboro'" appears in ornament on masthead &lt;Mar. 16, 1854-Mar. 7, 1862&gt;.</subfield></datafield><datafield ind1=" " ind2=" " tag="588"><subfield code="a">Description based on: Vol. 6, no. 33 (Oct. 21, 1852).</subfield></datafield><datafield ind1=" " ind2=" " tag="752"><subfield code="a">United States</subfield><subfield code="b">Pennsylvania</subfield><subfield code="c">Franklin</subfield><subfield code="d">Waynesboro'.</subfield></datafield><datafield ind1=" " ind2=" " tag="752"><subfield code="a">United States</subfield><subfield code="b">Pennsylvania</subfield><subfield code="c">Franklin</subfield><subfield code="d">Waynesboro.</subfield></datafield><datafield ind1="0" ind2="0" tag="780"><subfield code="t">Village record (Waynesboro, Pa. : 1847)</subfield><subfield code="w">(DLC)sn 89077526</subfield></datafield><datafield ind1="0" ind2="0" tag="785"><subfield code="t">Village record (Waynesboro, Pa. : 1863)</subfield><subfield code="w">(DLC)sn 88079228</subfield></datafield></record>